<collection xmlns="http://www.loc.gov/MARC21/slim"><record><leader>00969nam  2200277   450</leader><controlfield tag="001">581</controlfield><controlfield tag="003">http://montalegre.opacnet.com/OPAC/default.aspx?ContentAreaControl=ShowRegHoldings.ascx&amp;RegNo=16662</controlfield><controlfield tag="005">20</controlfield><datafield tag="010" ind1=" " ind2=" "><subfield code="a">972-46-0697-X</subfield></datafield><datafield tag="021" ind1=" " ind2=" "><subfield code="a">PT</subfield><subfield code="b">87805/95</subfield></datafield><datafield tag="100" ind1=" " ind2=" "><subfield code="a">19950811d1995    m  y0pory010305  ba</subfield></datafield><datafield tag="101" ind1="0" ind2=" "><subfield code="a">por</subfield></datafield><datafield tag="102" ind1=" " ind2=" "><subfield code="a">PT</subfield></datafield><datafield tag="200" ind1="0" ind2=" "><subfield code="a">Victor Branco</subfield><subfield code="e">escritor barrosão, vida e obra</subfield><subfield code="f">Bento da Cruz</subfield></datafield><datafield tag="210" ind1=" " ind2=" "><subfield code="a">Lisboa</subfield><subfield code="c">Notícias</subfield><subfield code="d">1995</subfield></datafield><datafield tag="215" ind1=" " ind2=" "><subfield code="a">297 p., [8] p. il</subfield><subfield code="c">il.</subfield><subfield code="d">21 cm</subfield></datafield><datafield tag="225" ind1="2" ind2=" "><subfield code="a">Obras de Bento da Cruz</subfield></datafield><datafield tag="500" ind1="1" ind2="0"><subfield code="a">Vítor Branco</subfield></datafield><datafield tag="675" ind1=" " ind2=" "><subfield code="a">821.134.3</subfield></datafield><datafield tag="700" ind1=" " ind2="1"><subfield code="a">Cruz</subfield><subfield code="b">Bento da</subfield><subfield code="f">1925-</subfield><subfield code="2">Autoridade</subfield><subfield code="3">PT-----------2013051517190005737</subfield></datafield><datafield tag="702" ind1=" " ind2="1"><subfield code="a">Branco</subfield><subfield code="b">Vítor</subfield><subfield code="f">1863-1947</subfield></datafield><datafield tag="801" ind1=" " ind2="0"><subfield code="a">PT</subfield><subfield code="b">Biblioteca Municipal de Montalegre</subfield><subfield code="g">RPC</subfield></datafield><datafield tag="856" ind1=" " ind2=" "><subfield code="u">locateMedia.asp?cod=20060518155511&amp;ext=jpg</subfield><subfield code="z">CAPA</subfield></datafield><datafield tag="909" ind1="&#9;" ind2=" "><subfield code="a">4</subfield></datafield><datafield tag="966" ind1=" " ind2=" "><subfield code="a">0014835</subfield><subfield code="l">BMM</subfield><subfield code="s">SCG 821.134.3(469.202) CRU vic</subfield></datafield><datafield tag="966" ind1=" " ind2=" "><subfield code="a">0014834</subfield><subfield code="l">BMM</subfield><subfield code="s">SCG 821.134.3(469.202) CRU vic</subfield></datafield><datafield tag="966" ind1=" " ind2=" "><subfield code="a">1001781</subfield><subfield code="l">BEM</subfield><subfield code="s">BEM 82-34 CRU</subfield></datafield><datafield tag="966" ind1=" " ind2=" "><subfield code="a">1103808</subfield><subfield code="l">BEBB</subfield><subfield code="s">BEBB 821.134.3 CRU</subfield></datafield></record></collection>